3396 5321
809 337 976 426 368
1316 349 1893 420 1cosAumuA
1951 347 2479 460 pomerum

856 501 1066 592 tiolo
1121 497 1602 615 adalligatis
1635 560 1660 601 ‚
1700 497 2186 615 perianthio
2222 495 2853 615 pentaphyllo,
2887 499 3024 587 fo-

860 645 1083 732 liolis
1119 640 1716 759 simplicibus.
1773 638 1891 728 It.
1960 641 2396 728 Maratti.

998 812 1101 865 Est
1145 809 1322 864 Arbor
1361 821 1606 879 procera
1646 847 1666 871 ‚
1731 805 1895 876 cuius
1960 808 2183 863 caudex
2247 805 2524 864 diametro
2565 806 3021 881 sexquipalmus.

728 927 789 971 et
826 915 978 972 ultra
1003 953 1021 976 ‚
1062 911 1362 969 duodecim
1403 912 1727 985 palmorum
1776 950 1794 975 ,
1833 922 1894 967 et
1931 910 2090 967 ultra
2113 907 2489 985 >altitudinem
2528 925 2739 982 aequat
2787 951 2807 977 ,
2848 929 3040 971 ramos

725 1013 936 1071 emittit
999 1027 1392 1086 assurgentes,
1447 1027 1507 1071 et
1548 1012 1871 1071 reconditos
1897 1052 1915 1075 ‚
1958 1012 2196 1084 fereque
2238 1012 2465 1083 globum
2506 1013 2817 1071 efformant
2853 1035 2867 1069 :
2910 1013 3037 1083 eius

728 1123 895 1178 flores
921 1120 1139 1194 :pallide
1201 1120 1504 1194 sulphurei
1567 1133 1707 1177 sunt
1744 1160 1765 1182 ,
1818 1113 2099 1176 Rosarum
2162 1119 2647 1175 Damascena'rum
2711 1122 3037 1192 perfectum

731 1227 964 1281 odorem
1004 1223 1225 1297 spirant
1266 1262 1282 1277 .
1339 1223 1619 1283 Materies
1657 1220 1796 1296 ligni
1838 1234 1921 1277 est
1962 1220 2230 1277 sublutea
2271 1261 2287 1274 .
2350 1219 2505 1277 vivit
2556 1222 2724 1291 juxta
2778 1238 3041 1281 montem

734 1331 1099 1390 monachum
1131 1331 1196 1386 in
1237 1346 1305 1387 eo
1346 1344 1539 1388 tractu
1578 1329 1643 1386 in
1682 1346 1801 1402 quo
1867 1326 2134 1385 dividitur
2171 1323 2501 1386 surisdict'io
2557 1330 2839 1388 Praefecti
2880 1333 3044 1392 Nur-

731 1434 845 1493 siae
884 1440 955 1495 ab
996 1437 1093 1493 ina
1133 1434 1406 1494 Praesidis
1444 1434 1667 1493 Montis
1708 1432 1833 1490 Atti.

748 1597 944 1708 944.
1003 1590 1322 1684 ROSA
1398 1591 1798 1706 (gentilis
1862 1565 2112 1704 vulgo
2146 1589 2381 1676 Rosa
2448 1588 2709 1704 gialla
2765 1620 3031 1680 senza

862 1727 1202 1841 odore)
1245 1726 1834 1843 Pimpinellae
1872 1727 2226 1838 majoris
2262 1725 2491 1813 foliis
2529 1794 2559 1830 ,
2603 1726 2819 1814 flore
2848 1728 3031 1846 ple-

859 1865 1220 1953 nissimo
1294 1865 1773 1982 sulphureo
1876 1863 2245 1970 inodoro
2310 1927 2337 1965 ,
2419 1861 2867 1980 calycibus
2935 1866 3035 1954 iu

860 2004 1359 2093 summitate
1397 2004 1807 2123 ,pinnatis
1845 2067 1869 2105 ‚
1950 2002 2493 2118 germinibus
2550 1997 3043 2095 subrotun-'

863 2142 993 2230 dis
1038 2200 1056 2219 ·
1119 2142 1425 2229 Planta
1483 2140 1753 2258 spinis
1808 2142 2397 2229 crebrerrimis
2462 2207 2487 2250 ,
2554 2158 2638 2230 et
2699 2145 3032 2262 exiguis
3090 2217 3095 2224 .

859 2297 987 2370 est
1027 2293 1353 2368 armata
1393 2346 1414 2367 .
1482 2284 1918 2369 Maratti.

1009 2427 1082 2484 111
1121 2420 1422 2484 nonnullis
1463 2421 1744 2481 viridariis
1784 2423 1955 2480 etiam
1993 2399 2161 2481 Vrbis
2185 2461 2202 2480 .
2245 2428 2479 2484 Dantur
2516 2428 2732 2484 multae
2772 2429 2988 2501 species
3025 2470 3048 2497 ,

690 2527 704 2550 '
736 2546 796 2589 et
836 2533 1138 2591 varietates
1175 2538 1457 2589 Rosamm
1486 2571 1505 2596 .
1569 2531 1867 2600 sylvestres
1906 2572 1924 2598 ‚
1980 2544 2040 2588 et
2079 2532 2370 2591 cicurntee
2417 2574 2431 2586 .
2474 2539 2627 2620 Rosa
2687 2534 2987 2609 refrigerat
3024 2579 3048 2604 ,

729 2638 1025 2712 adstringit
1063 2680 1083 2705 ,
1122 2655 1388 2696 somnum
1429 2636 1696 2696 conciliat
1738 2653 1847 2696 etc.
1889 2639 2325 2713 Spongiolarum
2363 2640 2505 2697 rosis
2544 2642 2911 2713 sylvestribus
2951 2649 3045 2707 ud-

727 2755 991 2801 natarum
1030 2741 1221 2815 pulvis
1260 2741 1440 2798 mirus
1478 2755 1565 2798 est
1603 2756 1808 2797 contra
1848 2744 2132 2799 calculum
2170 2783 2190 2807 ,
2241 2757 2299 2801 et
2342 2744 2552 2804 urinae
2593 2747 2955 2808 difficultates
2980 2788 3000 2806 .

1605 2883 2164 2937 RVBv‘s

1155 3004 2605 3066 FRVTBSCENTBS

740 3129 938 3241 945.
992 3124 1384 3212 RVBVS
1455 3128 1486 3238 (
1518 3127 1846 3213 Idaeus
1880 3127 2138 3240 vulgo
2171 3127 2606 3244 Lamponi
2632 3196 2660 3234 ‚
2720 3161 2771 3219 e
2810 3131 3028 3218 Mo-

853 3297 949 3353 re
981 3296 1210 3354 rosse
1250 3332 1278 3371 ,
1339 3264 1450 3352 ed
1486 3267 1764 3354 anche
1790 3253 2040 3382 Rogo
2079 3266 2355 3381 Ideo)
2388 3268 2621 3358 foliis
2699 3275 3022 3390 quina-

853 3401 1375 3518 to-pinnatis
1443 3471 1468 3502 ,
1538 3401 2069 3519 ternatisque
2130 3470 2157 3507 ‚
2239 3408 2493 3495 caule
2558 3410 2957 3497 aculeato
2994 3477 3025 3514 ,

849 3542 1186 3659 petiolis
1222 3542 1817 3633 canaliculatis
1858 3608 1880 3628 .
1955 3544 2046 3630 F
2045 3547 2237 3631 lor.-
2290 3547 2545 3636 Svec.
2587 3554 2784 3654 408.
2821 3556 3023 3658 446.

858 3688 1085 3770 stlat.
1150 3683 1385 3768 Med.
1439 3684 1625 3784 242.
1876 3712 1885 3720 ·

737 3822 1047 3911 Bubus
1102 3819 1355 3907 caule
1415 3830 1775 3922 erecte,
1832 3819 2234 3937 hispido,
2319 3822 2550 3912 foliis
2599 3826 3018 3914 ternatis.

849 3966 1101 4053 F.l0r
1129 3963 1404 4077 Lapp
1420 3967 1607 4068 204.
1633 3962 1900 4048 Hort.
1921 3965 2170 4081 Cliff
2189 3995 2367 4079 192.
2398 3967 2664 4055 Hort.
2691 3968 2800 4058 V
2774 3970 3013 4084 psal

869 4103 1048 4187 133.
1081 4103 1314 4215 Roy.
1343 4100 1677 4215 Lugbd.
1691 4099 1879 4213 273.
