3396 5321
2364 396 2553 458 xvu

240 556 555 616 rancum
606 558 920 635 nempe,
963 546 1036 608 et
1089 534 1630 641 Adriaticum,
1686 535 2052 639 habetque
2071 563 2218 614 suo
2259 539 2339 612 in
2379 564 2560 643 qen·

241 679 365 741 tro
417 665 950 765 longitndinali
1021 669 1243 769 quasi
1300 667 1608 744 dorsum
1681 669 2057 746 montium
2108 726 2133 760 ,
2192 671 2324 773 qui
2378 643 2556 746 sen·

249 799 407 873 sim
458 798 900 875 declinantes
958 798 1347 876 efformant
1413 799 1644 885 Urbis
1706 806 1922 877 tenus
1976 818 2265 907 septem
2318 802 2554 882 valles

261 935 617 1033 aliquanto
674 934 1142 1033 profundaS,
1231 962 1413 1040 quas
1498 940 1696 1014 inter
1751 938 1881 1013 alii
1935 938 2351 1016 subalterni
2402 939 2575 1015 luu-

263 1062 570 1135 miliores
628 1061 1092 1140 attolluntur
1147 1081 1481 1157 montes,
1539 1070 1668 1172 qui
1727 1097 1955 1175 prope
2005 1073 2325 1147 Romam
2366 1070 2552 1148 adeo

244 1208 400 1269 sant
450 1197 884 1289 diminuti,
942 1214 1026 1274 ut
1079 1201 1539 1282 clivulorum
1589 1198 1885 1310 potius,
1921 1230 2151 1311 quam
2186 1206 2558 1284 montium

227 1331 538 1404 nomine
594 1331 759 1405 sint
830 1332 1281 1437 appellandi.

380 1459 744 1535 Tametsi
816 1462 1139 1538 flumina
1187 1464 1457 1566 regalia
1497 1464 1609 1541 ibi
1646 1493 1797 1546 non
1856 1482 2253 1546 excurrant
2284 1468 2385 1546 ob
2423 1470 2562 1546 de-

214 1591 606 1666 ficientem
654 1594 1136 1686 continuam,
1194 1594 1640 1703 longamque
1688 1602 2117 1706 planitiem;
2169 1602 2568 1677 sufficiens·

213 1725 732 1802 nihilominus
787 1729 1103 1806 trabitur
1152 1722 1510 1837 aquarum
1560 1739 1850 1843 copiaa
1907 1735 2187 1839 Tyberi
2232 1738 2363 1840 qui
2398 1739 2555 1813 Ur-

221 1856 395 1930 bem
450 1860 864 1935 intersecat
896 1916 922 1951 ,
992 1889 1133 1939 nec
1185 1890 1332 1942 non
1407 1894 1449 1943 a
1504 1867 2009 1972 frequentibus
2066 1870 2254 1946 rivis
2286 1926 2313 1959 ,
2393 1883 2552 1948 tor-

231 1992 562 2068 rentibus
599 2049 631 2083 ,
718 1999 1089 2089 stamnis,
1182 1998 1491 2078 lacubus
1530 2062 1556 2096 ,
1591 2006 1942 2096 thermis,
2024 2004 2554 2109 fontibusque,

210 2153 403 2229 quae
460 2130 629 2206 hnc
680 2130 877 2210 illuc
912 2111 1235 2240 ‘campos
1299 2144 1711 2242 peragranti
1791 2168 1956 2219 sese
2008 2140 2322 2235 offerunt
2369 2196 2389 2214 .
2446 2141 2554 2222 Et

200 2287 400 2340 vero
461 2265 787 2367 speciali
840 2263 1103 2367 dignae
1193 2285 1368 2345 sunt
1422 2271 2064 2351 animadversione
2092 2301 2322 2377 aquae
2371 2275 2551 2351 Aci·-

197 2395 450 2471 dulae
483 2453 507 2485 ‚
575 2424 668 2473 ac
726 2388 1217 2478 medicinales·
1254 2432 1438 2508 quas
1493 2408 1999 2489 habitatorum
2056 2411 2466 2490 commodo
2512 2469 2553 2504 ,

198 2529 713 2634 tuendaeque
742 2558 1121 2634 aegrorum
1152 2539 1373 2613 saluti
1414 2542 1944 2641 providissime
1992 2570 2031 2617 a
2068 2557 2330 2623 natura
2356 2571 2551 2622 con-

213 2685 488 2735 cessas
541 2665 976 2764 accepimus
1034 2703 1057 2743 a
1114 2669 1551 2774 hujusmodi
1607 2684 1858 2750 autem
1921 2701 2286 2780 aquarum
2333 2678 2551 2780 copia

206 2804 459 2895 atque
521 2793 627 2870 ob
681 2795 1103 2896 argillosam
1158 2816 1427 2879 terram
1505 2861 1531 2896 ,
1585 2829 1774 2905 quae
1826 2809 2103 2909 pariter
2165 2807 2482 2884 babetur
2518 2865 2554 2901 ,

206 2929 642 3005 commode
698 2943 946 3034 potest
1005 2940 1324 3012 exerceri
1379 2940 1524 3014 Ars
1583 2938 1929 3039 Figulina
1964 2998 1989 3029 ,
2046 2967 2234 3043 quae
2287 2943 2544 3019 utilis-

226 3070 436 3139 sima
488 3090 665 3143 sane
718 3085 832 3146 est
886 3069 1190 3147 aedibus
1245 3073 1767 3158 construendis
1798 3132 1823 3166 ,
1882 3078 2336 3183 caeterisque
2381 3080 2548 3154 usi-

220 3193 388 3271 bus
444 3220 803 3304 perquam
850 3205 1266 3281 necessaria
1290 3262 1314 3280 .

401 3328 571 3406 Hoc
619 3325 700 3409 in
752 3333 918 3413 solo
974 3349 1319 3413 crescunt
1347 3396 1375 3432 ,
1439 3356 1922 3450 vegetantque
1972 3341 2249 3422 nedum
2313 3339 2555 3420 Arbo—

226 3483 353 3534 1·oe
382 3517 409 3553 ‚
469 3488 774 3564 quarum
828 3466 1008 3543 solia
1059 3467 1352 3568 hyemis
1418 3483 1750 3575 tempore
1833 3478 2111 3552 cadunt
2163 3533 2188 3567 ,
2245 3476 2372 3552 sed
2427 3501 2558 3554 eae

218 3620 535 3695 ‘quoque
569 3597 877 3674 Plantae
903 3599 1345 3678 felicissime
1397 3604 1696 3683 aluntur
1719 3665 1740 3696 ,
1776 3636 1965 3711 quae
2004 3608 2322 3684 brumali
2360 3666 2385 3701 ,
2445 3609 2553 3682 ri-

232 3726 643 3831 gidior-ique
711 3732 899 3806 anni
955 3744 1389 3836 tempestate
1440 3738 1594 3814 illis
1669 3742 1982 3818 minime
2042 3745 2460 3848 spoliantur
2515 3798 2545 3835 ,

218 3866 861 3972 quemadmodum
916 3866 1247 3946 Arbores
1302 3875 1669 3953 coniferae
1711 3934 1738 3970 ‚
1793 3857 2238 3981 glandiferae
2277 3939 2304 3972 ,
2358 3882 2548 3960 bac·

231 3996 529 4090 ciserae,
588 4027 734 4089 nec
790 4027 956 4076 non
1024 4002 1529 4079 vascoliferae.

356 4103 576 4242 Quod
619 4141 693 4216 si
748 4149 1014 4245 prata,
1059 4161 1401 4235 nemora,
1435 4167 1680 4248 sepes,
1728 4144 1970 4240 lacus,
2003 4147 2310 4252 paludes
2342 4206 2369 4244 ,
2401 4148 2547 4232 da-

2113 4308 2174 4392 b
