3396 5321
1028 449 1171 508 xlv

985 596 1258 672 officiis
1288 649 1315 685 ‚
1395 592 1867 695 negociisque
1913 646 1940 682 ‚
2027 616 2491 702 nequaquam
2549 591 2933 692 ‘profecto
2967 666 2973 673 ,
3007 590 3299 667 valuis-

870 711 885 721 ⁸
927 823 939 831 ’
983 752 1141 801 sem
1202 725 1517 828 singulis
1543 726 1718 798 anni
1789 722 2350 826 tempestatibus
2419 722 2875 826 ubicumque
2931 750 3291 831 praesens

975 883 1137 932 esse
1186 856 1280 933 ad
1335 873 1664 931 maturas
1721 853 2123 959 explendas
2178 855 2620 956 indagines,
2676 828 2951 959 easque
3003 883 3299 959 oppor-

981 1003 1160 1089 tune
1214 986 1763 1064 describendas.
1820 985 2067 1063 Nemo
2122 987 2348 1089 igitur
2403 1012 2525 1062 me
2579 985 3106 1088 reprehendat,
3161 1000 3299 1076 aut

982 1121 1170 1197 mibi
1227 1128 1389 1226 jure
1443 1134 1929 1210 succenseat,
2002 1144 2238 1222 quum
2294 1119 2622 1222 aliquam
2681 1119 2874 1197 forte
2929 1119 3299 1198 Plantam

989 1252 1380 1351 inveniet,
1432 1270 1623 1353 quae
1676 1248 2041 1352 plurimas
2108 1272 2150 1321 a
2204 1273 2322 1322 me
2372 1265 2707 1357 peractas
2763 1247 3103 1351 effugerit
3152 1252 3298 1326 in-

976 1387 1472 1492 quisitiones.
1528 1385 1907 1464 Benevolo
1934 1386 2136 1461 enim
2178 1386 2569 1488 amicoque
2598 1387 2848 1471 animo
2904 1386 3299 1472 condona-

889 1591 898 1598 .
976 1550 1061 1598 re
1108 1522 1187 1598 id
1246 1523 1518 1623 poterit
1568 1522 1934 1599 accuratis
1991 1521 2424 1629 iteratisque
2477 1517 2855 1615 laboribus
2890 1575 2917 1611 ‚
2963 1547 3146 1624 quos
3171 1520 3280 1598 li-

970 1653 1406 1737 beatissime
1457 1654 1827 1756 insumpsi
1883 1708 1907 1740 ,
1969 1665 2049 1725 ut
2083 1667 2352 1727 ¹nostra
2410 1647 2847 1751 vegetabilia
2914 1667 3121 1733 recto
3187 1678 3289 1729 ac

970 1791 1377 1893 perspicuo
1428 1789 1899 1892 disponerem
1954 1787 2265 1876 ordine,
2320 1786 2710 1860 facultates
2767 1785 3268 1896 adnecterent,

968 1950 1151 2027 quas
1200 1924 1495 1999 medica
1549 1923 1808 1999 schola
1856 1978 1880 2010 ‚
1940 1935 2250 2022 meaque
2317 1918 2663 2022 probatas
2723 1918 2984 1997 babuit
3036 1948 3268 2024 expe-

968 2055 1264 2146 rientia,
1294 2082 1636 2159 novaque
1691 2054 1989 2132 tandem
2039 2054 2531 2159 patefacerem
2571 2057 2928 2132 Botaniea
2992 2055 3272 2138 inven-

962 2199 1037 2261 ta
1089 2243 1119 2277 ‚
1170 2184 1444 2289 quibus
1527 2185 1622 2261 ad
1675 2159 1869 2263 hanc
1928 2211 2158 2288 usque
2233 2184 2432 2259 diem
2489 2164 2812 2262 literaria
2884 2188 3270 2289 respubli-

959 2345 1048 2394 ca
1101 2320 1246 2395 fuit
1310 2320 1601 2422 penitus
1657 2319 2038 2395 destituta.
2095 2323 2196 2394 At
2251 2324 2345 2394 ‹le
2415 2331 2821 2419 systemate
2874 2320 3261 2423 cogitem,

961 2463 1180 2560 eujus
1230 2456 1517 2530 ratione
1572 2455 1878 2530 Plantas
1934 2452 2367 2530 coordinare
2397 2509 2420 2541 ‚
2477 2469 2825 2560 certaque
2881 2454 3250 2534 methodo

957 2584 1349 2690 disponere
1396 2584 1757 2675 valerem,
1811 2609 2083 2685 anceps
2113 2583 2451 2689 profecto
2490 2610 3040 2692 suspensusque
3074 2591 3256 2667 hae-

957 2717 1212 2794 rebam
1242 2751 1273 2814 3,
1326 2720 1496 2820 quis
1552 2720 1753 2793 enim
1809 2717 2095 2818 ignorat
2130 2776 2153 2808 ‚
2212 2733 2401 2823 quot
2458 2746 2826 2824 quamque
2872 2726 3070 2801 varia
3120 2729 3247 2803 in-

952 2865 1166 2925 vecta
1193 2857 1347 2955 jam
1387 2848 1665 2923 suerint
1709 2850 2109 2925 Botanicae
2141 2865 2546 2953 systemata
2569 2845 2612 2928 ?
2649 2856 2812 2947 Qua
2845 2854 3038 2932 dere
3076 2884 3248 2936 ma-

944 2993 1118 3056 turo
1172 2979 1522 3055 instituto
1577 3004 1802 3082 super
1854 2978 2165 3080 singulis
2222 2982 2610 3073 examine,
2664 2987 3042 3090 optimum
3087 2990 3240 3070 du-

949 3115 1027 3189 xi
1085 3114 1581 3187 Linnaeanam
1635 3111 1981 3217 amplecti
2023 3112 2551 3219 disciplinam,
2594 3130 2847 3223 utpote
2878 3125 3246 3204 recentius

944 3249 1153 3322 ribus
1197 3249 1427 3348 magis
1488 3259 1892 3350 acceptam.
1937 3241 2118 3332 Tali'
2159 3265 2380 3352 pacto
2419 3267 2747 3354 systema
2787 3257 2878 3330 D.
2914 3258 3227 3337 Linnaei

944 3380 1170 3482 probe
1210 3379 1691 3457 noscentibus
1713 3436 1734 3472 ,
1761 3380 1855 3456 ad
1891 3355 2231 3468 mearum
2269 3411 2571 3490 quoque
2601 3357 3041 3468 Plantarum
3073 3394 3234 3497 ple·-

940 3542 1114 3594 nam
1169 3514 1674 3618 cognitionem
1731 3516 2077 3610 devenire
2109 3518 2218 3593 fas
2257 3519 2423 3595 erit.
2471 3525 2656 3608 Suas
2689 3527 2888 3602 enim
2924 3527 3240 3632 quibus-

938 3677 1082 3752 que
1134 3647 1456 3755 adjicere
1511 3649 1712 3742 haud
1770 3650 2010 3726 omisi
2051 3651 2651 3754 nomenclatura·
2707 3676 2929 3764 atque
3003 3690 3237 3767 syno-

940 3779 1836 3883 nyma,quemadmodum
1865 3808 1905 3854 a
1949 3782 2252 3862 laudato
2289 3786 2615 3866 Auctore
2653 3790 2973 3886 dantur,
3001 3813 3232 3901 atque

937 3911 1518 3989 describuntur.
1578 3913 2344 3992 Animadvertendum
2397 3947 2577 3999 vero
2630 3936 2796 4015 est,
2841 3952 2973 4004 ‚me
3031 3955 3230 4007 cun-

939 4048 1081 4124 ctis
1138 4046 1350 4121 hisce
1404 4044 1692 4121 Plantis
1749 4046 1919 4126 ideo
1976 4074 2123 4125 non
2184 4057 2486 4130 innuere
2540 4055 2705 4134 loca
2747 4061 3057 4152 natalia,
3090 4064 3229 4144 ubi

932 4207 1050 4260 eas
1096 4182 1395 4289 reperi,
1428 4183 1604 4286 quia
1646 4181 1813 4261 loca
1852 4184 2206 4264 no'nnulla
2237 4244 2260 4282 .,
2326 4217 2514 4294 quae
2561 4191 3000 4301 hujusmodi
3032 4198 3229 4280 Her-
