3396 5321
1302 88 1331 155 )

744 359 1319 465 naumann
1376 398 1946 472 mouoerA
2275 378 2441 493 259

298 539 593 633 ovatis
664 553 1160 628 constantes
1201 603 1226 646 ‚
1286 539 1377 629 in
1453 571 1840 659 quorum
1921 536 2225 631 centro
2288 570 2524 631 em-·

206 750 214 763 .
297 678 500 769 brio
604 677 891 766 existit
976 677 1572 767 subrotundus
1600 742 1624 780 ,
1687 678 2206 770 brevissimo
2274 711 2486 771 cum

297 814 627 938 pistillo
691 845 742 901 a
815 815 1333 903 staminibus
1373 846 1525 911 sex
1565 880 1590 923 ‚
1650 845 1855 904 cum
1929 816 2323 936 apicibus
2361 818 2487 905 di-

294 954 590 1076 dymis
621 1020 649 1059 ,
715 953 1334 1044 reniformibus
1366 1020 1391 1063 ,
1432 956 1884 1044 connubio
1922 956 2204 1045 stabili
2285 988 2485 1075 per-

303 1095 890 1184 manentibus.

196 1231 531 1351 Stigma
560 1236 1203 1324 subrotundum
1245 1250 1397 1338 est,
1441 1248 1524 1322 et
1566 1234 2180 1325 umbilicatum
2229 1304 2250 1325 .
2288 1236 2496 1324 Em-

315 1374 516 1466 brio
588 1378 768 1466 abit
831 1379 919 1466 in
983 1379 1365 1465 fructum
1433 1379 2137 1487 subrotundum‚
2200 1377 2494 1469 trival-

311 1542 521 1604 vem
549 1579 578 1619 ,
612 1513 1253 1604 sexlocularem
1295 1580 1322 1618 ‚
1354 1514 1842 1602 seminibus
1883 1515 2219 1603 foetum
2278 1545 2497 1632 qua-

293 1649 369 1737 si
407 1650 1114 1766 triangularibuS.
1182 1654 1265 1738 A
1303 1665 1730 1741 structura
1764 1653 2029 1769 igitur
2064 1652 2480 1769 partium,

295 1820 531 1909 quae
597 1790 689 1878 in
737 1790 1142 1911 Saturnia
1170 1793 1732 1907 reperiuntur
1765 1859 1788 1899 ,
1867 1793 2489 1882 stabiliendum

294 1946 475 2035 est,
537 1962 651 2020 an
709 1948 1218 2049 competere
1253 1933 1517 2050 possit
1576 1935 1684 2019 ad
1725 1933 1932 2019 Allii
1972 1964 2307 2048 genus,
2374 1948 2466 2021 ut
2625 1924 2638 1945 ⁸

308 2072 720 2160 nonnulli
774 2086 1239 2189 putarunt,
1317 2074 1557 2190 quod
1625 2104 1810 2162 esse
1850 2071 2112 2193 possit
2146 2076 2485 2162 Allium

296 2244 569 2331 scapo
609 2213 853 2300 nudo
887 2276 913 2313 ‚
972 2212 1385 2300 subnullo
1415 2279 1439 2316 ‚
1475 2214 1846 2331 capsulis
1904 2217 2247 2303 cernuis
2281 2280 2304 2322 ‚
2345 2214 2487 2299 fu-

287 2359 431 2447 liis
497 2356 774 2474 planis
844 2356 1153 2444 ciliatis
1224 2356 1492 2443 Linn.
1537 2358 1785 2474 Speo.
1852 2362 2157 2445 Plant.
2185 2358 2265 2444 I.
2282 2361 2478 2473 fol.

284 2501 491 2607 433.
560 2533 646 2586 n.
725 2500 865 2613 37.
926 2484 1197 2617 ¹Moly
1267 2497 1602 2586 humile
1670 2500 1885 2587 folio
1958 2500 2417 2617 gramineo
2459 2563 2478 2584 .

294 2640 403 2731 C.
448 2642 553 2728 Β.
597 2643 727 2731 Ρ.
773 2637 904 2754 75.
964 2640 1248 2760 Rubd.
1322 2640 1580 2754 Elys.
1661 2676 1735 2729 2.
1784 2674 1878 2757 p.
1965 2647 2147 2733 166.
2189 2643 2272 2758 f*
2359 2645 2481 2731 15.

292 2776 939 2898 Chamaemoly
978 2842 1002 2879 ‚
1068 2788 1157 2862 et
1224 2775 1475 2892 Moly
1554 2778 1799 2867 Dios.
1872 2784 2074 2870 Col.
2126 2782 2479 2895 Ecplzr.

298 2920 494 3005 225.
535 2930 595 3001 t.
636 2915 832 3003 326.
899 2913 1164 3001 Vnde
1230 2945 1336 3002 ex
1396 2915 1645 3003 dictis
1688 2918 2289 3035 unusquisque
2331 2920 2477 3031 ju·-

281 3056 587 3143 dicare
676 3033 1093 3172 poterit(
1146 3083 1261 3140 an
1339 3069 1631 3143 nostra
1696 3054 2099 3141 Saturnia
2175 3057 2476 3144 locum
2535 3107 2544 3117 ·

175 3230 185 3238 ·
278 3192 626 3282 habere
716 3189 981 3307 possit
1053 3191 1142 3276 in
1202 3188 1642 3276 Alliorum
1721 3189 2120 3296 familia,
2191 3193 2258 3277 si
2334 3191 2475 3277 in-

264 3329 460 3420 nixi
538 3341 765 3414 stare
808 3324 1081 3414 velint
1127 3325 1828 3414 doctissimorum
1870 3328 2476 3422 botanicorum

270 3472 764 3573 doctrinis;
831 3471 941 3558 Et
1004 3484 1097 3556 ut
1165 3483 1402 3557 recte
1478 3471 2019 3587 procedant,
2097 3473 2472 3561 confun-
2625 3487 2632 3494 '

261 3617 495 3706 dere
556 3612 799 3699 haud
866 3611 1194 3700 debent
1279 3641 1551 3697 unum
1623 3643 1905 3728 genus
1959 3643 2164 3700 cum
2233 3614 2468 3702 alio.

259 3736 1116 3848 Clarissimusenim
1151 3752 1559 3839 Hallerus
1602 3752 1998 3870 capsulas
2068 3753 2315 3871 ponit
2378 3754 2475 3843 in

258 3894 523 3985 Allio
561 3922 920 4009 semper
980 3889 1362 4005 trigonus
1399 3954 1419 3990 ,
1480 3890 2020 3977 triloculares
2061 3955 2089 3993 ,
2161 3891 2468 3981 trival-

253 4062 426 4124 ves
463 4100 493 4139 ‚
556 4046 643 4118 et
712 4029 1053 4118 semina
1110 4011 1651 4116 subro‘tunda
1692 4092 1715 4118 .
1785 4024 2233 4115 Linna'eus
2302 4030 2470 4114 do-

258 4170 708 4272 ctissimus
785 4169 1160 4283 assignat
1192 4165 1635 4257 Alliorum
1702 4166 2009 4280 generi
2071 4166 2462 4286 capsulas

1596 4339 1683 4421 ¹7
1751 4311 1854 4423 *,
1915 4371 1924 4384 -
