3396 5321
844 421 1015 508 xxii

828 610 953 662 rae
1005 587 1419 663 visceribus
1486 581 1771 662 radices
1819 584 1962 661 sibi
2026 588 2438 687 proficuas.
2506 583 2808 670 Istrici‚
2862 579 3110 666 Tarii,

808 719 1101 821 aliaque
1179 720 1259 793 id
1321 745 1543 821 genus
1606 719 1979 794 Animalia
2041 721 2252 818 quasi
2311 716 2671 791 continuo
2734 739 2813 787 se
2896 739 3113 788 exer-

809 871 978 930 cent
1026 857 1118 929 ·in
1172 854 1583 929 effodienda
1636 866 1878 942 terra,
1940 866 2021 926 ut
2079 854 2252 926 fami
2338 850 2772 938 consulant;
2830 874 2972 948 qua
3017 873 3116 920 ex

714 1016 717 1017 ⁷
809 989 1197 1064 effossi0ne
1251 990 1331 1062 id
1391 959 1676 1063 swanum
1742 991 2131 1093 provenit,
2183 986 2387 1088 quod
2438 989 2715 1060 semina
2756 985 2943 1058 illuc
2971 983 3109 1055 de·
3155 1056 3166 1066 ,

810 1121 1015 1224 lapsa
1057 1124 1168 1196 sic
1199 1122 1659 1224 operiuntur,
1686 1136 1779 1196 ¹et
1812 1138 2104 1195 maturo
2137 1136 2466 1222 tempore
2520 1117 2763 1191 denuo
2809 1116 3116 1189 foecun-

813 1250 1138 1342 dantur‚'
1182 1251 1775 1355 germinantque.

966 1387 1179 1479 Quae
1224 1388 1471 1462 omnia
1511 1413 1550 1458 a
1594 1389 1892 1460 summo
1949 1408 2194 1460 rerum
2255 1383 2597 1458 Creatore
2651 1381 2837 1456 adeo
2894 1382 3112 1452 mira-

804 1512 949 1594 bili
1009 1520 1269 1596 ordine
1304 1578 1326 1608 ‚
1383 1526 1685 1622 tamque
1755 1495 2077 1623 perfecta
2145 1519 2526 1595 harmonia
2593 1533 2767 1592 sunt
2819 1515 3119 1591 consti-

811 1664 1019 1743 tuta,
1079 1665 1162 1725 ut
1220 1655 1317 1727 in'
1359 1655 1755 1728 hominum
1796 1651 2116 1753 denique
2189 1652 2624 1727 felicitatem
2700 1648 3122 1748 aagendam

808 1781 1035 1863 simul
1083 1788 1478 1878 cederent,
1540 1799 1759 1889 atque
1820 1790 2355 1892 conspirarent.
2420 1788 2741 1861 Eaedem
2791 1809 3121 1887 namque

804 1919 980 1995 illae
1056 1922 1411 2008 Plantae,
1476 1947 1658 2021 quas
1721 1947 1761 1991 a
1822 1923 2152 2007 mensis,
2234 1916 2696 2022 dapibusque
2781 1931 3120 1989 avertere

800 2055 1201 2154 satagimus
1234 2113 1256 2143 ‚
1329 2078 1511 2158 quae
1544 2110 1568 2143 ‚
1623 2070 1701 2129 et
1760 2070 2037 2155 quanta
2093 2054 2516 2155 ceteroquin
2581 2051 2799 2127 nobis
2879 2050 3120 2124 mini-

800 2197 1036 2261 strent
1091 2186 1368 2263 auxilia
1425 2192 1697 2263 nostris
1781 2190 1856 2262 in
1922 2185 2527 2275 infirmitatibus,
2602 2188 2780 2263 satis
2836 2208 3116 2288 super-

801 2348 947 2424 que
1001 2321 1468 2397 declararunt
1529 2324 2056 2426 sapientissimi
2108 2321 2181 2395 in
2228 2349 2308 2395 re
2340 2323 2630 2421 medica
2675 2323 2814 2394 viri
2849 2379 2873 2409 .,
2915 2343 3117 2422 quos

803 2459 1001 2532 inter
1054 2472 1381 2533 recentes
1437 2460 2038 2533 adnumerandus
2097 2457 2292 2532 Clar.
2352 2456 2744 2534 Storchins
2778 2513 2797 2529 .

956 2593 1076 2670 Ex
1131 2592 1577 2669 animalibus
1637 2605 1883 2670 autem
1941 2622 2129 2698 quae
2186 2593 2491 2668 illarum
2534 2594 2888 2668 alimento
2938 2618 3115 2667 cre·-

793 2737 1065 2811 scunt‚
1124 2749 1211 2798 ac
1255 2738 1813 2816 conservantur,
1859 2717 2027 2826 quis
2072 2726 2361 2825 ignorat
2389 2783 2413 2813 ‚
2449 2726 2852 2803 maximam
2892 2751 2931 2796 a
2964 2749 3118 2799 no·

788 2855 906 2929 bis
950 2854 1240 2932 desumi
1283 2858 1623 2935 ciborum
1659 2877 1991 2961 partem,
2050 2859 2496 2962 illorumque
2517 2881 2652 2934 nos
2677 2860 2783 2932 uti
2820 2857 3106 2931 labori-

785 2983 933 3059 ·bus
1010 2988 1104 3062 ad
1185 2989 1407 3062 ardna
1486 3017 1712 3092 quam
1790 2991 2111 3091 plurima
2208 2991 2560 3063 exercitia
2663 2981 3098 3088 explenda?

793 3121 1086 3198 Omitto
1126 3136 1368 3197 autem
1435 3126 1742 3199 ulterius
1821 3147 2290 3226 percensere,
2352 3151 2535 3225 quae
2600 3145 2690 3199 ex
2732 3123 3117 3223 vegetabi-

791 3250 849 3324 li
916 3255 1164 3352 Regno
1221 3253 1440 3328 nobis
1500 3267 1936 3358 promanant
2020 3254 2096 3327 in
2175 3255 2343 3328 telis
2398 3255 2653 3328 sericis
2709 3310 2733 3343 ‚
2814 3256 3030 3328 lineis
3071 3312 3107 3347 ‚

782 3384 1181 3490 ιεοεείρίἰς,
1239 3391 1695 3490 caeterisque
1728 3444 1753 3479 ‚
1795 3415 1981 3490 quae
2024 3387 2148 3464 vel
2179 3404 2431 3464 nostro
2495 3390 2924 3464 inserviunt
2966 3415 3111 3462 ve-

785 3521 1172 3609 stimento,
1228 3523 1346 3596 vel
1378 3523 1690 3597 illarum
1733 3526 2028 3598 Artium
2072 3524 2470 3612 exercitio,
2512 3548 2692 3626 quas
2736 3521 3096 3600 societati

784 3651 1151 3727 humanae
1200 3666 1356 3726 ‘tam
1409 3657 1857 3731 necessarias
1914 3656 2528 3757 deprehendimus
2569 3682 2728 3730 esse
2781 3686 2806 3743 ς
2873 3673 3108 3758 atque

781 3785 1333 3890 nobilissimam
1386 3791 1646 3866 Artem
1701 3791 2082 3892 Agrariam
2124 3848 2148 3881 ‚
2207 3816 2352 3868 una
2408 3818 2584 3867 cum
2641 3791 2846 3884 illis,
2903 3821 3104 3896 quae
3170 3891 3180 3895 ,

789 3923 1173 3996 communi
1230 3923 1540 4001 vinculo
1581 3940 1658 4001 et
1714 3928 2150 4026 cognatione
2206 3928 2535 4032 quadam
2587 3953 2764 4016 cnm
2799 3955 2879 4004 ea
2916 3955 3114 4006 con-

789 4051 1120 4124 tinentur
1148 4107 1170 4122 .

943 4185 1644 4263 Praestantissimae
1695 4187 1922 4295 hujus
1978 4189 2342 4267 scientiae
2395 4189 2711 4269 historia
2753 4217 3105 4269 recense·
