3396 5321
2383 397 2390 412 ·
2420 373 2566 464 xiii

662 539 1408 629 PRAEFATIO
1481 538 2094 648 AVCTORIS
2133 603 2158 630 .

230 722 548 940 Quod
600 817 1083 924 jampridem
1135 828 1308 919 post
1347 820 1581 892 varias
1649 817 2048 892 Botanicas
2108 805 2554 922 meas-peie-

260 956 683 1058 grinationes
723 1008 750 1041 ‚
826 953 1215 1052 saetasque
1284 951 1361 1025 in
1417 951 1511 1026 iis
1586 950 2049 1056 multiplices
2118 953 2554 1029 Plantarum

266 1089 836 1174 obsevationeS‚
896 1083 1122 1184 longo
1177 1085 1651 1188 quadraginta
1710 1112 2075 1162 annorum
2136 1089 2555 1180 inm-Vallo,

261 1224 681 1302 elucubrare
755 1222 976 1325 Opus
1046 1221 1234 1295 mihi
1323 1225 1852 1324 praefixeram3
1905 1223 2245 1325 'ipsique
2336 1227 2557 1325 perfi-

236 1359 504 1437 ·eiendo
588 1382 873 1432 manus
944 1356 1418 1431 admoveram
1457 1414 1483 1447 ‚
1567 1359 1979 1432 amicorum
2052 1384 2249 1434 nunc
2333 1358 2553 1433 deni-

253 1523 377 1596 que
452 1491 881 1596 postulatis
926 1549 950 1582 ‚
1024 1491 1512 1596 pluriumque
1597 1492 2001 1568 illustrium
2067 1496 2144 1569 in
2249 1494 2557 1570 Botani-

263 1652 345 1701 ca
398 1628 748 1700 virorum
817 1621 1366 1700 hortationibus
1432 1638 1514 1698 ut
1581 1621 1868 1700 morem
1941 1650 2232 1725 geram,
2279 1627 2354 1699 in
2408 1653 2553 1729 pu-

244 1756 508 1831 blicam
584 1755 926 1858 proferre
1001 1752 1246 1829 lucem
1303 1754 1742 1833 :deliberavi
1778 1814 1798 1829 .
1886 1753 2176 1834 .Florae
2270 1762 2551 1836 Roma-

236 1916 371 1966 nae
440 1890 675 1966 titulo
727 1889 1317 1992 nuncupandum
1380 1890 1842 1966 ‘existimavi2
1893 1919 2090 1970 cum
2169 1896 2364 1969 enim
2415 1894 2557 1970 ob·-

235 2037 514 2130 je‘ctum
592 2025 867 2098 habeat
957 2027 1514 2099 accuratissima
1574 2026 2069 2129 descriptione
2151 2054 2540 2104 recensen-

237 2159 309 2233 di
366 2187 490 2233 eas
552 2159 915 2242 Plantas,
980 2182 1169 2256 quae
1229 2157 1303 2230 in
1362 2159 1558 2255 ‘Agro
1622 2155 1954 2235 Roman'o
2009 2160 2380 2236 uberrime
2422 2163 2541 2235 vi-

258 2304 485 2377 vunt,
539 2292 623 2362 iu
700 2285 1090 2360 territorio
1152 2286 1448 2361 scilicet
1486 2288 1744 2389 vulgo
1805 2291 2556 2367 Patrimonii‘terre·

272 2424 439 2490 stris
466 2446 544 2494 ac
567 2418 965 2503 maritimi,
1001 2443 1134 2491 nec
1166 2443 1311 2492 non
1347 2418 1541 2493 Latii
1566 2423 1841 2522 pariter
1879 2425 2236 2524 terrestris
2270 2450 2358 2498 ac
2388 2450 2555 2497 ma-

254 2552 513 2624 ritimi
545 2550 1003 2652 (Territoria
1054 2550 1360 2652 quidem
1426 2566 1627 2625 vasta
1682 2553 1968 2654 lateque
2036 2571 2336 2631 extensa
2369 2614 2391 2645 ‚
2438 2572 2549 2633 at-

256 2708 415 2782 que
484 2681 619 2754 illis
688 2680 1181 2781 undequaque
1241 2678 1476 2754 ditata
1536 2682 2149 2781 Vegetabilibus‚
2208 2712 2402 2786 quae
2483 2690 2562 2769 in

238 2811 573 2886 extemis
620 2813 1113 2912 germinantia
1172 2810 1594 2909 regionibus
1656 2838 1698 2883 a
1764 2827 2009 2887 nostra
2072 2839 2219 2891 non
2292 2843 2557 2918 parum

225 2948 534 3024 dissitis
649 2945 1029 3049 exquisita
1139 2942 1518 3045 diligentia
1556 2972 1564 2981 ·
1605 2972 1648 3018 a
1748 2944 2208 3022 doctissimia
2329 2951 2561 3025 Bota-

226 3082 437 3154 nicis
504 3074 1171 3177 inibi-degentibus
1233 3089 1476 3151 notata
1519 3076 1871 3177 suerunt)
1906 3110 1929 3169 ;
1975 3079 2262 3157 idcirco
2300 3109 2387 3159 eo
2428 3110 2559 3160 no-

233 3216 452 3287 mine
518 3208 993 3286 inscribenda
1068 3211 1374 3284 omnino
1461 3237 1617 3286 esse
1679 3211 2068 3289 videbatur
2102 3271 2121 3288 .
2193 3219 2306 3292 De
2344 3218 2556 3321 plan-

238 3347 345 3419 tis
405 3343 765 3419 Romanis
819 3341 1228 3431 disserens,
1285 3341 1382 3414 de
1453 3340 1603 3416 illis
1680 3347 2081 3449 praecipue
2142 3374 2557 3423 sermonem

242 3474 542 3549 habebo
594 3532 617 3559 ‚
684 3497 869 3575 quas
924 3471 1294 3575 peculiari
1367 3472 1618 3548 studio
1705 3477 2049 3577 praefatis
2109 3479 2185 3551 in
2256 3481 2556 3554 itineri-

258 3605 399 3683 bus
457 3606 847 3684 observare
914 3605 1102 3680 mihi
1162 3603 1427 3679 datum
1476 3618 1630 3679 est.
1703 3607 2138 3710 Siquidem
2198 3610 2559 3712 integram

277 3739 812 3844 absolutamque
879 3739 1338 3818 Plantarum
1401 3730 1746 3812 omnium
1800 3742 1877 3812 in
1939 3738 2261 3814 laudatis
2335 3742 2562 3818 ditio-

74 3310 89 3405 x,

286 3876 468 3954 aibas
524 3883 1017 3986 vegetantium
1080 3899 1384 3949 exarare
1439 3873 1726 3948 audens
1786 3878 2322 3965 remotionem,
2367 3878 2560 3952 sale-

303 4002 517 4091 hunam
543 4020 803 4125 utique
827 4038 928 4091 ac
958 4003 1495 4117 periculosam
1522 4008 2018 4111 suscepissem
2061 4008 2561 4107 provinciam,

269 4150 599 4269 quippquj
654 4153 909 4239 modo
974 4140 1337 4259 publicis
1378 4199 1401 4231 ‚
1479 4140 2085 4255 modoxprivatis
2162 4143 2566 4225 distractus
