3396 5321
2379 447 2582 504 xxm

245 573 307 645 ri
358 572 498 649 bic
556 585 816 676 posset
858 607 885 662 ς
969 603 1063 650 ex
1110 536 1207 651 ¹ea
1262 588 1502 652 tamen
1559 578 1786 653 sicuti
1844 578 2066 656 nimis
2121 581 2202 654 in
2274 581 2580 683 longum
2675 657 2680 662 .

252 724 713 784 excresceret
777 735 1053 784 meum
1107 714 1346 813 Opus;
1394 717 1494 786 ita
1546 716 2018 816 provinciam
2062 718 2248 792 hanc
2290 717 2585 793 doctio-

266 842 510 933 ribus,
561 845 1353 949 foecundioribusque
1404 851 1607 922 Viris
1652 847 2146 929 libentissime
2191 852 2527 954 relinquo
2561 910 2581 924 .

174 1064 185 1079 .
276 980 499 1058 Meum
550 981 764 1055 enim
828 984 1281 1058 Institutum
1335 1011 1421 1060 eo
1474 986 1808 1087 praecise
1861 985 2149 1085 tendit,
2209 997 2286 1057 ut
2356 1013 2582 1061 accu-

278 1117 622 1191 ratissima
679 1131 993 1195 texatur
1051 1124 1471 1227 Descriptio
1526 1150 1784 1197 earum
1841 1122 2334 1211 Plantarum‚
2397 1151 2577 1225 quas

262 1252 465 1353 longo
505 1255 649 1349 4ο.
710 1282 1088 1331 annorum
1144 1259 1539 1334 intervallo
1596 1228 2046 1349 observare,
2107 1286 2188 1332 ac
2247 1259 2583 1361 diligenti

250 1388 639 1462 notatione
695 1389 1128 1465 describere
1184 1393 1370 1465 mihi
1455 1390 1715 1467 datum
1771 1395 1920 1469 fuit
1995 1396 2419 1499 frequenter
2496 1397 2569 1469 in

252 1520 648 1593 itineribus
719 1524 912 1595 meis
967 1548 1098 1622 per
1152 1525 1437 1624 Agrum
1495 1526 1954 1614 Romanum,
2016 1529 2363 1616 Latium,
2434 1527 2586 1601 Pa·

272 1652 715 1724 trimonium
748 1711 776 1742 ,
832 1650 1260 1741 Vmbriam,
1318 1657 1647 1746 Montes,
1716 1656 1942 1760 Alpes
1976 1713 1999 1747 ,
2069 1657 2586 1731 Mediterranei

255 1782 454 1871 loca,
513 1800 595 1856 et
661 1783 821 1856 iltis
877 1785 1345 1886 adiacentia.

409 1919 501 1992 In
562 1918 1023 1993 Plantarum
1076 1902 1701 2023 descriptionibus
1762 1923 2199 1998 methodum
2240 1950 2279 1996 a
2320 1923 2579 1997 claris-

253 2055 445 2129 simo
504 2056 852 2131 Linnaeo
929 2056 1325 2145 traditam,
1396 2083 1658 2160 nempe
1731 2059 2073 2147 sexuale,
2141 2056 2567 2133 adhibebo.

254 2186 414 2260 Hoc
468 2189 691 2260 euim
748 2203 978 2289 pacto
1023 2189 1422 2263 Botanicae
1478 2188 1863 2288 tyronibus
1950 2190 2364 2265 faciliorem
2408 2190 2580 2261 red-

271 2318 578 2393 dendam
662 2344 835 2392 esse
909 2326 1270 2423 cujusque
1350 2317 1660 2394 Plantae
1737 2321 2303 2420 intelligentiam
2382 2322 2570 2397 mihi

280 2455 578 2543 suadem
644 2430 936 2557 quippe
990 2458 1161 2557 quia
1220 2480 1393 2528 cum
1448 2468 1661 2531 recte
1697 2456 2249 2556 indigitaverim
2306 2481 2562 2528 nume-

276 2615 442 2662 rum
487 2591 831 2693 partium
896 2589 1372 2682 sexualium,
1430 2594 1746 2695 quisque
1802 2620 1931 2695 per
1992 2618 2070 2665 se
2115 2591 2329 2667 facile
2368 2617 2572 2666 asse-
2693 2646 2701 2652 -

261 2738 518 2822 quetur
583 2780 611 2812 ,
688 2724 995 2795 cuinam
1067 2723 1376 2797 Plantae
1452 2724 1810 2825 descripti
1881 2723 2335 2798 characteres
2413 2724 2569 2798 sint

243 2855 705 2957 adaptandi,
766 2853 1122 2962 illamque
1160 2854 1386 2956 probe
1427 2857 1796 2954 cog‘nitam
1838 2880 1878 2927 a
1926 2856 2230 2927 caeteris
2277 2856 2572 2954 generi·

224 2987 373 3062 bus
407 3046 435 3078 ,
491 2987 622 3062 vel
658 2988 1011 3091 adspectu
1058 2983 1622 3077 consimilibus,
1681 3012 2052 3064 secernere
2088 3044 2111 3076 ,
2166 3013 2255 3061 ac
2294 2988 2574 3063 distin-

236 3148 457 3220 guere
486 3121 701 3194 baud
735 3121 1122 3194 verebitur.
1166 3124 1633 3223 Quapropter
1656 3120 1849 3195 illud
1875 3121 2357 3224 potissimum
2391 3149 2565 3225 prae

231 3257 490 3330 oculis
553 3254 896 3344 habebo,
952 3268 1034 3326 ut
1090 3257 1744 3357 scrupulosisSIma
1797 3257 2003 3358 prius
2046 3257 2169 3327 fiat
2229 3266 2566 3346 anatome

223 3400 801 3496 cujuscumque
831 3389 1158 3478 Plantae,
1196 3408 1419 3493 atque
1449 3390 1688 3466 omnis
1727 3391 1939 3491 longe
1969 3389 2180 3464 abeat
2211 3388 2558 3492 deceptio

224 3525 313 3597 iu
372 3524 858 3625 adsignandis
916 3525 1314 3615 univocis,
1378 3524 2095 3625 invariabilibusque
2158 3525 2415 3612 notiS,
2473 3549 2560 3598 ac

227 3659 728 3735 differentiis.
770 3661 865 3732 Iu
885 3662 1174 3734 XXIV.
1217 3659 1505 3734 Classes
1547 3660 1712 3734 illas
1764 3662 2086 3762 partitus
2143 3684 2357 3746 sum,
2383 3684 2566 3759 qua·

227 3816 413 3864 rum
465 3790 779 3892 singulis
836 3791 1218 3889 adsignavi
1260 3816 1511 3864 earum
1564 3791 1854 3894 propria
1898 3816 2174 3890 genera,
2222 3790 2556 3892 ipsisque

234 3955 495 4005 eornm
544 3932 908 4032 species,·
939 3955 1029 4003 ac
1074 3928 1484 4012 varietates,
1531 3954 1673 4000 una
1733 3952 1908 4001 cum
1946 3925 2251 4000 medicis
2315 3924 2564 4000 facul-

250 4064 552 4156 tatibuS,
608 4091 797 4168 quas
860 4059 989 4137 vel
1032 4060 1457 4163 quotidiana
1518 4062 1837 4132 firmatas
1876 4059 2372 4159 experientia,
2432 4056 2555 4132 vel

241 4226 332 4275 ex
363 4202 648 4278 assidua
691 4204 773 4276 in
824 4202 943 4274 Re
985 4195 1314 4284 Medica,
1350 4209 1424 4270 et
1462 4195 1823 4272 Botanica
1880 4191 2375 4268 celebriorum
2409 4195 2564 4268 Au-

227 4354 515 4418 ctorum
562 4339 911 4416 lectione
956 4330 1287 4433 comperi
1334 4386 1356 4420 ,
1399 4329 1663 4405 adnect
1680 4327 2048 4432 endasque
2103 4326 2560 4402 existimavi.
