3396 5321
1044 396 1157 485 -32
1550 412 2081 485 *numnam
2138 411 2706 478 MONOGYNIA

1084 563 1326 651 leum
1408 560 1676 648 habet
1749 558 1994 672 cujus
2087 557 2345 645 tubus
2425 557 2795 672 simplex
2891 551 3239 671 perbre-

1082 700 1277 802 vis,
1381 698 1474 785 in
1578 696 1858 783 limbo
1942 692 2319 786 sexfidus
2417 708 2751 781 erectus
2807 761 2833 797 ,
2931 691 3243 778 laciniis

1080 851 1344 926 ovato
1380 883 1422 900 -
1461 832 1863 949 oblongis
1948 830 2352 921 concavis
2454 829 2966 948 aequalibus
3026 890 3048 911 .
3108 811 3247 912 Fi-

1075 971 1456 1061 lamenta
1549 971 1712 1058 tria
1796 971 2187 1058 subulam
2279 1034 2306 1070 ‚
2412 967 2790 1054 corollae
2887 960 3242 1051 dimidio

1076 1113 1488 1203 breviora
1546 1112 1638 1200 in
1737 1114 2225 1231 petalorum
2293 1110 2473 1199 basi
2549 1109 2871 1196 inserta
2947 1169 2970 1192 .
3058 1106 3241 1192 An·

1076 1249 1381 1339 {herae
1472 1251 1907 1367 oblongae
2017 1251 2461 1367 saginatae
2570 1259 2916 1336 erectae
3007 1244 3249 1360 didy-

1081 1417 1279 1475 mae
1385 1388 1570 1475 basi
1666 1388 1992 1476 divisae
2034 1451 2056 1472 .
2154 1388 2544 1474 Germen
2633 1398 3000 1472 ovatum
3097 1382 3249 1466 ob-

1071 1527 1441 1645 longum
1506 1592 1529 1619 .
1620 1530 1912 1648 Stylus
1983 1509 2413 1616 filifcrtnis
2489 1541 2828 1619 erectus
2868 1591 2896 1630 ,
2953 1522 3246 1611 stami-

1065 1699 1181 1758 na
1251 1671 1489 1791 quasi
1535 1703 1690 1788 per
1735 1672 2288 1762 medietatem
2362 1700 2781 1788 superans
2819 1734 2842 1772 ‚
2903 1668 2993 1756 in
3027 1699 3247 1758 sum·

1070 1808 1367 1898 mitate
1435 1809 1767 1898 trifidus
1822 1875 1847 1917 ‚
1905 1824 1992 1898 et
2070 1810 2162 1898 in
2220 1809 2525 1928 quavis
2592 1807 3029 1897 divisione
3102 1835 3254 1925 per

1069 1947 1698 2037 dichotomiam
1798 1947 2344 2036 subdivisus:
2418 1947 2653 2035 uncle
2728 1946 3045 2034 merito
3116 1943 3247 2031 di-

1070 2089 1152 2177 ci
1259 2102 1536 2207 potest
1626 2088 2111 2179 sexdivisus
2193 2152 2214 2176 .
2292 2087 2709 2205 Stigmata
2827 2084 3254 2204 simplicia

1058 2229 2062 2318 subr‹›tunda.Embrio
2163 2229 2340 2317 abit
2435 2230 2524 2315 in
2616 2227 3000 2315 fructum
3088 2225 3253 2312 ob·

1056 2367 1427 2482 longum
1485 2379 1571 2454 et
1616 2367 1858 2486 quasi
1913 2367 2574 2483 cylindraceutn
2630 2365 3104 2457 trivalvem
3161 2373 3245 2451 et

1067 2506 1754 2597 sexlocularem.
1827 2507 2182 2596 Semina
2240 2505 2628 2625 plurima
2703 2505 3247 2596 orbiculata.

1059 2648 1312 2737 Folia
1389 2648 1778 2766 plantam
1853 2648 2252 2738 ornantia
2346 2648 2610 2766 longa
2698 2669 3249 2768 angustaque

1059 2803 1327 2893 sunt3
1400 2820 1508 2877 ex
1567 2821 1741 2876 una
1803 2803 2046 2907 parte
2115 2790 2636 2893 rotundata,
2705 2820 2811 2879 ex
2874 2792 3154 2879 altera
3204 2817 3257 2876 e

1055 2931 1435 3017 rotundo
1491 2932 2031 3047 planiuscula
2065 2997 2093 3035 ‚
2141 2962 2369 3049 quae
2429 2961 2634 3019 cum
2692 2933 2944 3020 Croci
3026 2931 3255 3021 foliis

1057 3068 1541 3187 quamdam
1620 3070 2133 3157 affinitatem
2219 3070 2508 3188 primo
2579 3072 2896 3160 intaitu
2988 3100 3259 3190 prae-

1056 3208 1328 3298 bent.
1393 3209 1656 3298 Vnde
1690 3239 1799 3299 ex
1835 3211 2083 3299 dictis
2132 3211 2569 3300 Romulea
2601 3226 2892 3302 nostra
2947 3214 3257 3303 diflert

1057 3347 1171 3433 ab
1227 3347 1412 3434 aliis
1477 3345 1652 3434 suis
1689 3350 2338 3462 congeneribus
2379 3353 2606 3463 etc.)

944 3486 1380 3579 Romulea
1419 3488 1758 3604 spatula
1828 3489 2087 3579 unica
2152 3493 2260 3578 ad
2333 3491 2981 3600 florem‚simul
3042 3524 3262 3581 cum

1059 3622 1362 3742 calyce
1434 3622 1743 3713 florem
1821 3627 2441 3745 amplexante,
2514 3630 2608 3717 in
2664 3630 2849 3718 basi
2919 3632 3256 3754 calycis

1060 3765 1399 3852 duabus
1451 3765 1775 3856 foliolis
1810 3768 2164 3857 alternis
2203 3771 2487 3859 cincto
2530 3837 2552 3858 .

950 3908 1581 4024 Sisyrinchium
1652 3910 1943 3999 minus
1972 3916 2318 4028 angusti
2366 3915 2678 4008 folium
2722 3986 2750 4029 ,
2788 3917 3019 4010 flore
3066 3946 3253 4007 ma·

1059 4046 1247 4163 jore
1280 4048 1726 4168 variegato
1758 4112 1784 4155 ‚
1849 4050 1953 4140 B.
1997 4053 2106 4141 C.
2145 4055 2411 4165 Ραίι.
